@article{ode,
	title={Open dynamics engine},
	author={Smith, Russell and others},
	year={2005}
}

@inproceedings{gazebo,
	title={Design and use paradigms for gazebo, an open-source multi-robot simulator},
	author={Koenig, Nathan and Howard, Andrew},
	booktitle={Intelligent Robots and Systems, 2004.(IROS 2004). Proceedings. 2004 IEEE/RSJ International Conference on},
	volume={3},
	pages={2149--2154},
	organization={IEEE}
}

@inproceedings{pushing,
	title={Automatic learning of pushing strategy for delivery of irregular-shaped objects},
	author={Lau, Manfred and Mitani, Jun and Igarashi, Takeo},
	booktitle={Robotics and Automation (ICRA), 2011 IEEE International Conference on},
	pages={3733--3738},
	year={2011},
	organization={IEEE}
}

@MISC{protobuf,
  title={Protocol Buffers},
  author={Google},
  year={2008},
  howpublished={\url{https://developers.google.com/protocol-buffers/}},
}

@MISC{pygazebo,
	title={pygazebo},
	author={Josh Pieper},
	year={2015},
	howpublished={\url{https://github.com/jpieper/pygazebo}},
	}

@article{nishide2008predicting,
	title={Predicting object dynamics from visual images through active sensing experiences},
	author={Nishide, Shun and Ogata, Tetsuya and Tani, Jun and Komatani, Kazunori and Okuno, Hiroshi G},
	journal={Advanced Robotics},
	volume={22},
	number={5},
	pages={527--546},
	year={2008},
	publisher={Taylor \& Francis}
}

@book{bishop2006pattern,
  title={Pattern recognition and machine learning},
  author={Bishop, Christopher M},
  year={2006},
  publisher={springer}
}

@ARTICLE{deepLearning2009,
    author = {Bengio, Yoshua},
     title = {Learning deep architectures for {AI}},
   journal = {Foundations and Trends in Machine Learning},
    volume = {2},
    number = {1},
      year = {2009},
     pages = {1--127},
      note = {Also published as a book. Now Publishers, 2009.},
       doi = {10.1561/2200000006},
}

@inproceedings{kibler1987learning,
  title={Learning representative exemplars of concepts: An initial case study},
  author={Kibler, Dennis and Aha, David},
  booktitle={Proc. of the 4th International Workshop on Machine Learning},
  pages={24--30},
  year={1987}
}

@article{metric1,
  title={Large margin nearest neighbor classifiers},
  author={Domeniconi, Carlotta and Gunopulos, Dimitrios and Peng, Jing},
  journal={Neural Networks, IEEE Transactions on},
  volume={16},
  number={4},
  pages={899--909},
  year={2005},
  publisher={IEEE}
}

@incollection{metric2,
  title={Adjustment learning and relevant component analysis},
  author={Shental, Noam and Hertz, Tomer and Weinshall, Daphna and Pavel, Misha},
  booktitle={Computer Visionâ€”ECCV 2002},
  pages={776--790},
  year={2002},
  publisher={Springer}
}

@article{lvq,
  title={Generalized relevance learning vector quantization},
  author={Hammer, Barbara and Villmann, Thomas},
  journal={Neural Networks},
  volume={15},
  number={8},
  pages={1059--1068},
  year={2002},
  publisher={Elsevier}
}

@article{decisionTree,
  title={A survey of decision tree classifier methodology},
  author={Safavian, S Rasoul and Landgrebe, David},
  journal={IEEE transactions on systems, man, and cybernetics},
  volume={21},
  number={3},
  pages={660--674},
  year={1991}
}


@book{linearRegression,
  title={Linear regression analysis},
  author={Seber, George AF and Lee, Alan J},
  volume={936},
  year={2012},
  publisher={John Wiley \& Sons}
}

@article{deepFrontier,
  title={Deep machine learning-a new frontier in artificial intelligence research [research frontier]},
  author={Arel, Itamar and Rose, Derek C and Karnowski, Thomas P},
  journal={Computational Intelligence Magazine, IEEE},
  volume={5},
  number={4},
  pages={13--18},
  year={2010},
  publisher={IEEE}
}

@incollection{deepImageClassification,
title = {ImageNet Classification with Deep Convolutional Neural Networks},
author = {Alex Krizhevsky and Sutskever, Ilya and Geoffrey E. Hinton},
booktitle = {Advances in Neural Information Processing Systems 25},
editor = {F. Pereira and C.J.C. Burges and L. Bottou and K.Q. Weinberger},
pages = {1097--1105},
year = {2012},
publisher = {Curran Associates, Inc.},
url = {http://papers.nips.cc/paper/4824-imagenet-classification-with-deep-convolutional-neural-networks.pdf}
}

@article{baranes2013active,
	title={Active learning of inverse models with intrinsically motivated goal exploration in robots},
	author={Baranes, Adrien and Oudeyer, Pierre-Yves},
	journal={Robotics and Autonomous Systems},
	volume={61},
	number={1},
	pages={49--73},
	year={2013},
	publisher={Elsevier}
}

@article{flanagan2006control,
	title={Control strategies in object manipulation tasks},
	author={Flanagan, J Randall and Bowman, Miles C and Johansson, Roland S},
	journal={Current opinion in neurobiology},
	volume={16},
	number={6},
	pages={650--659},
	year={2006},
	publisher={Elsevier}
}

@article{levine2015learning,
	title={Learning Contact-Rich Manipulation Skills with Guided Policy Search},
	author={Levine, Sergey and Wagener, Nolan and Abbeel, Pieter},
	journal={arXiv preprint arXiv:1501.05611},
	year={2015}
}


@inproceedings{moldovan2012learning,
	title={Learning relational affordance models for robots in multi-object manipulation tasks},
	author={Moldovan, Bogdan and Moreno, Pablo and van Otterlo, Martijn and Santos-Victor, Jos{\'e} and De Raedt, Luc},
	booktitle={Robotics and Automation (ICRA), 2012 IEEE International Conference on},
	pages={4373--4378},
	year={2012},
	organization={IEEE}
}

@article{itm,
	title={Exploration based on neural networks with applications in manipulator control},
	author={Jockusch, J{\'a}n},
	year={2000}
}

@inproceedings{phillips2012graphs,
	title={E-Graphs: Bootstrapping Planning with Experience Graphs.},
	author={Phillips, Mike and Cohen, Benjamin J and Chitta, Sachin and Likhachev, Maxim},
	booktitle={Robotics: Science and Systems},
	year={2012}
}

@INPROCEEDINGS{contactPrediction,
	author={Kroemer, O. and Peters, J.},
	booktitle={Intelligent Robots and Systems (IROS 2014), 2014 IEEE/RSJ International Conference on},
	title={Predicting object interactions from contact distributions},
	year={2014},
	pages={3361-3367},
	keywords={Gaussian distribution;dexterous manipulators;regression analysis;Gaussian distribution;contact distributions;contact points;kernel function;kernel logistic regression;kernel-based approach;manipulation tasks;object interaction prediction;stable grasp prediction;Computational modeling;Error analysis;Gaussian distribution;Kernel;Logistics;Robots;Three-dimensional displays},
	doi={10.1109/IROS.2014.6943030},
	month={Sept},}

@book{LLM,
	title={Neural computation and self-organizing maps. An introduction},
	author={Ritter, Helge and Martinetz, Thomas and Schulten, Klaus},
	year={1992}
}

@article{catastrophicForgetting1,
	title={An empirical investigation of catastrophic forgeting in gradient-based neural networks},
	author={Goodfellow, Ian J and Mirza, Mehdi and Xiao, Da and Courville, Aaron and Bengio, Yoshua},
	journal={arXiv preprint arXiv:1312.6211},
	year={2013}
}

@article{rbf,
	author = {Buhmann,M. D.},
	title = {Radial basis functions},
	journal = {Acta Numerica},
	volume = {9},
	month = {1},
	year = {2000},
	issn = {1474-0508},
	pages = {1--38},
	numpages = {38},
	doi = {null},
	URL = {http://journals.cambridge.org/article_S0962492900000015},
}

@article{catastrophicForgetting2,
	title={Incremental Training of Neural Network with Knowledge Distillation},
	author={Heryanto, David and Chua, Tat-Seng},
	year={2015}
}

@book{cbr,
	title={Case-based reasoning},
	author={Kolodner, Janet},
	year={2014},
	publisher={Morgan Kaufmann}
}

@book{neuralGas,
	title={A" neural-gas" network learns topologies},
	author={Martinetz, Thomas and Schulten, Klaus and others},
	year={1991},
	publisher={University of Illinois at Urbana-Champaign}
}

@article{gng,
	title={A growing neural gas network learns topologies},
	author={Fritzke, Bernd and others},
	journal={Advances in neural information processing systems},
	volume={7},
	pages={625--632},
	year={1995},
	publisher={MORGAN KAUFMANN PUBLISHERS}
}

@ARTICLE{protReduction,
	author={Geva, S. and Sitte, J.},
	journal={Neural Networks, IEEE Transactions on},
	title={Adaptive nearest neighbor pattern classification},
	year={1991},
	volume={2},
	number={2},
	pages={318-322},
	keywords={adaptive systems;artificial intelligence;learning systems;pattern recognition;adaptive systems;artificial intelligence;decision surface mapping;error backpropagation;learning vector quantization;nearest neighbor pattern classification;pattern recognition;perceptron;supervised learning;Backpropagation algorithms;Books;Computer networks;Error analysis;Nearest neighbor searches;Neural networks;Pattern classification;Prototypes;Supervised learning;Vector quantization},
	doi={10.1109/72.80344},
	ISSN={1045-9227},
	month={Mar},}

@book{affordances,
	title={The Ecological Approach to Visual Perception: Classic Edition},
	author={Gibson, James J},
	year={2014},
	publisher={Psychology Press}
}