@article{abel92,
  title={{Konzept und Messung gesundheitsrelevanter Lebensstile}},
  author={Abel, T.},
  journal={Prävention},
  volume={15},
  number={4},
  pages={123--128},
  year={1992}
}

@book{badura09,
  title={{Fehlzeiten-Report 2009: Arbeit und Psyche: Belastungen reduzieren - Wohlbefinden Fördern}},
  author={Badura, B. and Schrader, H. and Klose, J. and Macco, K.},
  year={2009},
  publisher={Springer, Heidelberg}
}

@misc{burrows05,
  title={{Erster Gesundheitsbericht für die Technische Universität Darmstadt}},
  author={Burrows, E. and Keil, U.},
  year={2005},
  note = {\href{http://www1.tu-darmstadt.de/akgesundheit/gesundheitsbericht_tud.pdf}{http://www1.tu-darmstadt.de/akgesundheit/gesundheitsbericht\_tud.pdf} Letzer Zugriff am 17. August 2009}
}
